@misc{onisep_dut,
	title = {Les {DUT} (diplômes universitaires de technologie)},
	author = {Onisep},
	year = {2019},
	url = {http://www.onisep.fr/Choisir-mes-etudes/Apres-le-bac/Organisation-des-etudes-superieures/Les-DUT-diplomes-universitaires-de-technologie},
	abstract = {Envie de poursuivre des études en DUT ? Le déroulement des études, les spécialités proposées par les universités, l'examen final... retour sur l'essentiel à savoir sur le diplôme universitaire de technologie.},
	language = {fr},
	urldate = {2020-06-09},
	journal = {Onisep}
}
